=LDR  05884cas a2201285 a 4500
=001  012432430
=003  Uk
=005  20230106192709.0
=006  m\\\\\o\\d\\\\\\\\
=007  cr\mnu||||||||
=008  040410c19989999ne\qr\p|s\\\\\0\\\a0eng\\
=FMT  \\$a  SE
=019  c\$a102568438
=019  0\$as665718004
=022  \\$a1573-2827$l1096-4037$y1096-4037
=037  \\$a???$bSpringer
=040  \\$aUk$cUk$dUk
=082  04$a616.89$222
=084  \\$aFJ 20$2blsrissc
=210  1\$aClin. child fam. psychol. rev.$b(Dordr., Online)
=222  \0$aClinical child and family psychology review$b(Dordrecht. Online)
=245  00$aClinical child and family psychology review$h[electronic resource].
=260  \\$aNew York, N.Y. :$bPlenum Pub. Corp.,$cc1998-
=260  3\$32005- :$a[New York] :$bSpringer
=310  \\$aQuarterly
=336  \\$atext$2rdacontent
=337  \\$acomputer$2rdamedia
=338  \\$aonline resource$2rdacarrier
=362  1\$aPrint began with: v. 1, no. 1 (Mar. 1998).
=540  \\$aCurrent copyright fee: GBP29.95$c22\1$5Uk
=650  \0$aClinical child psychology$vPeriodicals.
=650  \0$aFamilies$xMental health$vPeriodicals.
=776  08$iPrint version:$tClinical child and family psychology review$x1096-4037
=859  \\$aELD$bejournal
=856  \\$31850-9999$uhttp://www.springer.com/gb/$xBLDSS
=859  \\$aXLD$bejournal
=852  41$aBritish Library$bDSC$j3286.268350$3Volume 1:Issue 1(1998)-Volume 21:Issue 1(2018)***See ESTAR for full holdings.
=852  41$aBritish Library$bHMNTS$jELD Digital store$3Volume 21:Issue 2(2018)-
=945  \\$aCLINICAL CHILD AND FAMILY PSYCHOLOGY REVIEW.
=959  \\$fHeld but not currently received
=979  \\$aBritish Library$bDSC$j3286.268350
=985  \\$aCorrected by BSS-generated file for WR# 08/157
=985  \\$aCorrected by MS generated file for WR# 12.018
=985  \\$aRecord merged by DQ team
=A02  \\$a102568438
=CAT  \\$aCONV$b00$c20040425$lBLL90$h0712
=CAT  \\$aBATCH-UPD$b00$c20150520$lBLL01$h1929
=CAT  \\$aIPL-CLA$c20150630$lBLL01$h1642
=CAT  \\$aBATCH-UPD$b00$c20150820$lBLL01$h1959
=CAT  \\$aIPL-CLA$c20150930$lBLL01$h1800
=CAT  \\$aBATCH-UPD$b00$c20160217$lBLL01$h1857
=CAT  \\$aIPL-CLA$c20160331$lBLL01$h1721
=CAT  \\$aBATCH-UPD$b00$c20160524$lBLL01$h2156
=CAT  \\$aBATCH-UPD$b00$c20160524$lBLL01$h2244
=CAT  \\$aBATCH-UPD$b00$c20160824$lBLL01$h1916
=CAT  \\$aIPL-CLA$c20160930$lBLL01$h1558
=CAT  \\$aBATCH-UPD$b00$c20170216$lBLL01$h2001
=CAT  \\$aIPL-CLA$c20170331$lBLL01$h1840
=CAT  \\$aBATCH-UPD$b00$c20170904$lBLL01$h2032
=CAT  \\$aIPL-CLA$c20170929$lBLL01$h1724
=CAT  \\$aBATCH-UPD$b00$c20180223$lBLL01$h1931
=CAT  \\$aIPL-CLA$c20180331$lBLL01$h1615
=CAT  \\$aW1805-0475$c20180520$lBLL01$h1631
=CAT  \\$aBATCH-UPD$b00$c20180524$lBLL01$h1811
=CAT  \\$aIPL-CLA$c20180630$lBLL01$h1914
=CAT  \\$aW1908-0780$b00$c20200730$lBLL01$h1323
=CAT  \\$a15190$b40$c20201014$lBLL01$h1616
=CAT  \\$aCDS21$c20220118$lBLL01$h1104
=CAT  \\$aBATCH-UPD$b00$c20221121$lBLL01$h1359
=CAT  \\$aIPL-CLA$c20221231$lBLL01$h1444
=CAT  \\$a5410$b40$c20230106$lBLL01$h1927
=CFI  0\$aCurrent copyright fee: GBP29.95$c22\1$e01-jan-2023$fGBP29.95$g0$hP$5Uk
=CFI  2\$aPrevious copyright fee: GBP34.00$c22\1$e01-jul-2018$fGBP34.00$g0$hP$5Uk
=EST  \\$a1
=FFP  \\$aY$bBLDSS-3PM
=FIN  \\$aY
=LEO  \\$aMP10.0000629700
=LEO  \\$aMP25.0000346809
=MNI  \\$a1096-4037
=SRC  \\$aSRI01$bbibmp25.200404.2.aa
=SRC  \\$aDSS01$bbibmp10.200404.2.aa
=TCO  \\$aNLD$bSTICHTING REPRORECHT$c008
=TCO  \\$aTRS$bCCC$c008
=TOC  \\$aETOC
=UNO  \\$aY
=ACF  \\$aPrevious copyright fee: GBP21.25$c4\4$e01-jan-2009$fGBP21.25$g0$hP$5Uk
=ACF  \\$aPrevious copyright fee: GBP16.75$c4\4$e01-jan-2007$fGBP16.75$g0$hP$5Uk
=ACF  \\$aPrevious copyright fee: GBP16.22$c4\4$e01-oct-2006$fGBP16.22$g0$hP$5Uk
=ACF  \\$aPrevious copyright fee: GBP17.14$c4\4$e01-apr-2006$fGBP17.14$g0$hP$5Uk
=ACF  \\$aPrevious copyright fee: GBP16.67$c4\4$e01-jan-2006$fGBP16.67$g0$hP$5Uk
=ACF  \\$aPrevious copyright fee: GBP16.22$c4\4$e01-apr-2005$fGBP16.22$g0$hP$5Uk
=ACF  \\$aPrevious copyright fee: GBP16.67$c4\4$e01-jan-2005$fGBP16.67$g0$hP$5Uk
=ACF  \\$aPrevious copyright fee: GBP13.51$c4\4$e01-apr-2004$fGBP13.51$g0$hP$5Uk
=ACF  \\$aCurrent copyright fee: GBP14.71$c4\4$e01-jan-2004$fGBP14.71$g0$hP$5Uk
=ACF  \\$aCurrent copyright fee: GBP15.63$c4\4$e01-jan-2003$fGBP15.63$g0$hP$5Uk
=ACF  \\$aPrevious copyright fee: GBP22.00$c4\4$e01-apr-2009$fGBP22.00$g0$hP$5Uk
=ACF  \\$aPrevious copyright fee: GBP22.00$c4\4$e12-aug-2012$fGBP22.00$g0$hP$5Uk
=ACF  \\$aPrevious copyright fee: GBP25.00$c4\4$e01-jan-2013$fGBP25.00$g0$hP$5Uk
=ACF  \\$aPrevious copyright fee: GBP25.77$c4\4$e01-jul-2013$fGBP25.77$g0$hP$5Uk
=ACF  \\$aPrevious copyright fee: GBP24.97$c4\4$e01-jan-2014$fGBP24.97$g0$hP$5Uk
=ACF  \\$aPrevious copyright fee: GBP24.21$c4\4$e01-jul-2014$fGBP24.21$g0$hP$5Uk
=ACF  \\$aPrevious copyright fee: GBP25.77$c4\4$e01-apr-2015$fGBP25.77$g0$hP$5Uk
=ACF  \\$aPrevious copyright fee: GBP26.63$c4\4$e01-jul-2015$fGBP26.63$g0$hP$5Uk
=ACF  \\$aPrevious copyright fee: GBP25.77$c4\4$e01-oct-2015$fGBP25.77$g0$hP$5Uk
=ACF  \\$aPrevious copyright fee: GBP27.55$c4\4$e01-apr-2016$fGBP27.55$g0$hP$5Uk
=ACF  \\$aPrevious copyright fee: GBP29.59$c4\4$e01-oct-2016$fGBP29.59$g0$hP$5Uk
=ACF  \\$aPrevious copyright fee: GBP31.96$c4\4$e01-apr-2017$fGBP31.96$g0$hP$5Uk
=ACF  \\$aPrevious copyright fee: GBP30.73$c4\4$e01-oct-2017$fGBP30.73$g0$hP$5Uk
=ACF  \\$aPrevious copyright fee: GBP28.54$c4\4$e01-apr-2018$fGBP28.54$g0$hP$5Uk
=LAS  \\$a5410$b40$c20230106$lBLL01$h1927

