=LDR  04277cas a2201045 a 4500
=001  013345881
=003  Uk
=005  20220321074903.0
=006  m\\\\\\\\d\\\\\\\\
=007  cr\cn\\\\\\\\\
=008  981014c19999999enkbr1pss\\\\\0\\\a0eng\d
=FMT  \\$a  SE
=010  \\$asn 98001275
=015  \\$aGBA600194$2bnb
=022  0\$a1522-1970$y1099-2340
=037  \\$bJohn Wiley & Sons, Baffins Lane, Chichester, PO19 IUD, UK$aISSN_10992340
=040  \\$aNSD$cNSD$dEYM$dOCLCQ$dOCL$dUk
=042  \\$ansdp$aukblsr
=050  14$aG155.A1$bI5165
=082  04$a338.4791$222
=130  0\$aInternational journal of tourism research (Online)
=210  0\$aInt. j. tour. res.$b(Online)
=222  \0$aInternational journal of tourism research$b(Online)
=245  10$aInternational journal of tourism research$h[electronic resource].
=260  \\$aChichester, UK :$bJohn Wiley & Sons,$cc1999-
=310  \\$aBimonthly
=336  \\$atext$2rdacontent
=337  \\$acomputer$2rdamedia
=338  \\$aonline resource$2rdacarrier
=362  0\$aVol. 1, issue 1 (Jan./Feb. 1999)-
=500  \\$aTitle from table of contents (viewed Jan. 11, 2001).
=500  \\$aLatest issue consulted: Vol. 3, issue 3 (May/June 2001).
=530  \\$aAlso issued in print.
=538  \\$aMode of access: World Wide Web.
=540  \\$aCurrent copyright fee: GBP39.00$c35\0$5Uk
=650  \0$aTourism$vPeriodicals.
=690  7\$aManagement and Business Studies$2blcoll
=710  2\$aWiley InterScience (Online service)
=776  1\$tInternational journal of tourism research$x1099-2340
=780  00$tProgress in tourism and hospitality research (Online)$x1099-1603
=859  \\$aXLD$bejournal
=856  \\$31850-9999$uhttp://onlinelibrary.wiley.com/$xBLDSS
=859  \\$aELD$bejournal
=852  41$aBritish Library$bHMNTS$jELD Digital store$3Volume 15:Number 1(2013:Jan./Feb.)-***Previous issues available in print copy
=852  41$aBritish Library$bDSC$j4542.695810$3Volume 8:Issue 1(2006)-Volume 16:Issue 6(2014)***See ESTAR for full holdings.
=945  \\$aINTERNATIONAL JOURNAL OF TOURISM RESEARCH
=959  \\$fHeld but not currently received
=985  \\$aCONFERENCE ANALYTIC &RECORDS EXIST
=CAT  \\$a3072$b40$c20051125$lBLL01$h1227
=CAT  \\$aBATCH-UPD$b00$c20101116$lBLL01$h1334
=CAT  \\$aIPL-CLA$c20101231$lBLL01$h1517
=CAT  \\$aWR12_168$c20121206$lBLL01$h1816
=CAT  \\$aWR13.114$c20130717$lBLL01$h1313
=CAT  \\$aBATCH-PORT$c20130829$lBLL01$h1113
=CAT  \\$aWR14_009$c20140204$lBLL01$h2343
=CAT  \\$a8342$b40$c20140708$lBLL01$h0944
=CAT  \\$aWR14_140$c20140905$lBLL01$h1810
=CAT  \\$aBLDSS-3PM$b00$c20141214$lBLL01$h1523
=CAT  \\$aBATCH-UPD$b00$c20150215$lBLL01$h1657
=CAT  \\$aIPL-CLA$c20150228$lBLL01$h2049
=CAT  \\$aCDS15-UPD$b40$c20150918$lBLL01$h1639
=CAT  \\$aBATCH-UPD$b40$c20160524$lBLL01$h1038
=CAT  \\$aW1711-1005$c20171206$lBLL01$h1818
=CAT  \\$aBATCH-UPD$b00$c20180219$lBLL01$h1748
=CAT  \\$aBATCH-UPD$b00$c20181121$lBLL01$h1622
=CAT  \\$aIPL-CLA$c20181231$lBLL01$h1543
=CAT  \\$aR1911-0245$c20191127$lBLL01$h0823
=CAT  \\$aR1911-0245$c20191127$lBLL01$h1045
=CAT  \\$aIPL-CLA$c20191231$lBLL01$h1936
=CAT  \\$aW2111-0842$c20211208$lBLL01$h1942
=CAT  \\$aIPL-CLA$c20211231$lBLL01$h1543
=CAT  \\$a14346$b40$c20220223$lBLL01$h1301
=CAT  \\$a14346$b40$c20220228$lBLL01$h1400
=CAT  \\$a14586$b40$c20220321$lBLL01$h0749
=CFI  0\$aCurrent copyright fee: GBP39.00$c35\0$e01-jan-2022$fGBP39.00$g0$hP$5Uk
=CFI  2\$aPrevious Copyright Fee: GBP32.00$c35\0$e01-jan-2020$fGBP32.00$g0$hP$5Uk
=EST  \\$a1
=FFP  \\$aY$bBLDSS-3PM
=FFP  \\$aY$bDATASETS
=FIN  \\$aY$d20051125
=MNI  \\$a1099-2340
=SID  \\$aZ39$bOCLC
=TCO  \\$aCLA$bCLA$c008
=TOC  \\$aETOC
=UNO  \\$aY
=ACF  \\$aPrevious Copyright Fee: GBP17.00$c35\0$e01-apr-2005$fGBP17.00$g0$hP$5Uk
=ACF  \\$aPrevious copyright fee: GBP22.00$c35\0$e01-jan-2011$fGBP22.00$g0$hP$5Uk
=ACF  \\$aPrevious copyright fee: GBP24.00$c35\0$e01-mar-2015$fGBP24.00$g0$hP$5Uk
=ACF  \\$aPrevious copyright fee: GBP28.00$c35\0$e01-jan-2019$fGBP28.00$g0$hP$5Uk
=LAS  \\$a14586$b40$c20220321$lBLL01$h0749

