=LDR  05415cas a2201225 a 4500
=001  013491363
=003  Uk
=005  20230310193551.0
=006  m\\\\\\\\d\\\\\\\\
=007  cr\cnu||||||||
=008  060213c19949999ja\qr\pss\\\\\0\\\\0eng\c
=FMT  \\$a  SE
=010  \\$a2006249018
=022  \\$a1861-0293
=037  \\$a???$bSpringer
=040  \\$aZYU$cZYU$dUk
=042  \\$aukblsr
=050  14$aRS160$b.N28
=082  04$a615.321$222
=130  0\$aNatural medicines (Online)
=245  10$aJournal of natural medicines$h[electronic resource].
=246  1\$iPrint version bears parallel title:$aShoyakugaku zasshi
=246  30$aNatural medicines
=260  \\$a[Tokyo Japan] :$bSpringer-Verlag Tokyo, Inc.
=310  \\$aQuarterly
=336  \\$atext$2rdacontent
=337  \\$acomputer$2rdamedia
=338  \\$aonline resource$2rdacarrier
=362  1\$aPrint began with: Vol. 48, no. 1 (Mar. 1994).
=500  \\$aDescription based on: Vol. 60, no. 1; title from journal contents page (MetaPress, viewed Feb. 13, 2006).
=510  0\$aChemical abstracts
=530  \\$aAlso issued in print.
=538  \\$aMode of access: World Wide Web.
=540  \\$aCurrent copyright fee: GBP34.95$c22\1$5Uk
=650  \0$aPharmacognosy$vPeriodicals.
=650  \0$aHolistic medicine$vPeriodicals.
=650  \0$aAlternative medicine$vPeriodicals.
=650  \2$aPharmacognosy$vPeriodicals.
=776  1\$tNatural medicines$x1340-3443
=780  00$tShoyakugaku zasshi
=859  \\$aELD$bejournal
=856  \\$31850-9999$uhttp://www.springer.com/gb/$xBLDSS
=859  \\$aXLD$bejournal
=852  \\$aBritish Library$bDSC$j6040.735550$3Volume 60:Issue 1(2006)-Volume 72:Issue 2(2018)***See ESTAR for full holdings.
=852  41$aBritish Library$bHMNTS$jELD Digital store$3Volume 72:Issue 1(2018)-
=945  \\$aNATURAL MEDICINES.
=959  \\$fHeld but not currently received
=979  \\$aBritish Library$bDSC$j6040.735550
=CAT  \\$a3072$b40$c20060614$lBLL01$h1438
=CAT  \\$aIPL-CLA$c20150930$lBLL01$h1813
=CAT  \\$aBATCH-UPD$b00$c20160217$lBLL01$h1743
=CAT  \\$aIPL-CLA$c20160331$lBLL01$h1734
=CAT  \\$aBATCH-UPD$b00$c20160524$lBLL01$h2211
=CAT  \\$aBATCH-UPD$b00$c20160525$lBLL01$h0024
=CAT  \\$aBATCH-UPD$b00$c20160824$lBLL01$h1810
=CAT  \\$aIPL-CLA$c20160930$lBLL01$h1608
=CAT  \\$aBATCH-UPD$b00$c20170216$lBLL01$h1858
=CAT  \\$aIPL-CLA$c20170331$lBLL01$h1849
=CAT  \\$aBATCH-UPD$b00$c20170904$lBLL01$h1909
=CAT  \\$aIPL-CLA$c20170929$lBLL01$h1733
=CAT  \\$aBATCH-UPD$b00$c20180223$lBLL01$h1742
=CAT  \\$aIPL-CLA$c20180331$lBLL01$h1625
=CAT  \\$aW1805-0475$c20180520$lBLL01$h1632
=CAT  \\$aBATCH-UPD$b00$c20180524$lBLL01$h1727
=CAT  \\$aIPL-CLA$c20180630$lBLL01$h1919
=CAT  \\$a8055$b40$c20180821$lBLL01$h1034
=CAT  \\$aW1908-0780$b00$c20200730$lBLL01$h1329
=CAT  \\$a15190$b40$c20210223$lBLL01$h1609
=CAT  \\$a5552$b40$c20210819$lBLL01$h0857
=CAT  \\$aIPL-CLA$c20210930$lBLL01$h1528
=CAT  \\$aCDS21$c20220118$lBLL01$h1105
=CAT  \\$aBATCH-UPD$b00$c20221121$lBLL01$h1411
=CAT  \\$aIPL-CLA$c20221231$lBLL01$h1447
=CAT  \\$a5410$b40$c20230310$lBLL01$h1935
=CFI  0\$aCurrent copyright fee: GBP34.95$c22\1$e01-jan-2023$fGBP34.95$g0$hP$5Uk
=CFI  2\$aPrevious copyright fee: GBP43.00$c22\1$e01-oct-2021$fGBP43.00$g0$hP$5Uk
=EST  \\$a1
=FFP  \\$aY$bBLDSS-3PM
=FIN  \\$aY$d20060614
=LKR  \\$aPAR$b008210727$lBLL01$r776$mJournal of natural medicines$nNatural medicines.
=MNI  \\$a1340-3443
=SID  \\$aZ39$bOCLC
=TCO  \\$aJPN$bJAACC$c008
=TOC  \\$aETOC
=UNO  \\$aY
=ACF  \\$aPrevious copyright fee: GBP21.25$c23\3$e01-jan-2009$fGBP21.25$g0$hP$5Uk
=ACF  \\$aPrevious copyright fee: GBP16.75$c23\3$e01-jan-2007$fGBP16.75$g0$hP$5Uk
=ACF  \\$aPrevious copyright fee: GBP16.22$c23\3$e01-oct-2006$fGBP16.22$g0$hP$5Uk
=ACF  \\$aPrevious Copyright Fee: GBP17.14$c23\3$e26-may-2006$fGBP17.14$g0$hP$5Uk
=ACF  \\$aPrevious copyright fee: GBP22.00$c23\3$e01-apr-2009$fGBP22.00$g0$hP$5Uk
=ACF  \\$aPrevious copyright fee: GBP22.00$c23\3$e12-aug-2012$fGBP22.00$g0$hP$5Uk
=ACF  \\$aPrevious copyright fee: GBP25.00$c23\3$e01-jan-2013$fGBP25.00$g0$hP$5Uk
=ACF  \\$aPrevious copyright fee: GBP25.77$c23\3$e01-jul-2013$fGBP25.77$g0$hP$5Uk
=ACF  \\$aPrevious copyright fee: GBP24.97$c23\3$e01-jan-2014$fGBP24.97$g0$hP$5Uk
=ACF  \\$aPrevious copyright fee: GBP24.21$c23\3$e01-jul-2014$fGBP24.21$g0$hP$5Uk
=ACF  \\$aPrevious copyright fee: GBP25.77$c23\3$e01-apr-2015$fGBP25.77$g0$hP$5Uk
=ACF  \\$aPrevious copyright fee: GBP26.63$c23\3$e01-jul-2015$fGBP26.63$g0$hP$5Uk
=ACF  \\$aPrevious copyright fee: GBP25.77$c23\3$e01-oct-2015$fGBP25.77$g0$hP$5Uk
=ACF  \\$aPrevious copyright fee: GBP27.55$c23\3$e01-apr-2016$fGBP27.55$g0$hP$5Uk
=ACF  \\$aPrevious copyright fee: GBP29.59$c23\3$e01-oct-2016$fGBP29.59$g0$hP$5Uk
=ACF  \\$aPrevious copyright fee: GBP31.96$c23\3$e01-apr-2017$fGBP31.96$g0$hP$5Uk
=ACF  \\$aPrevious copyright fee: GBP30.73$c23\3$e01-oct-2017$fGBP30.73$g0$hP$5Uk
=ACF  \\$aPrevious copyright fee: GBP28.54$c23\3$e01-apr-2018$fGBP28.54$g0$hP$5Uk
=ACF  \\$aPrevious copyright fee: GBP34.00$c22\1$e01-jul-2018$fGBP34.00$g0$hP$5Uk
=LAS  \\$a5410$b40$c20230310$lBLL01$h1935

