=LDR  03042cas a2200757 i 4500
=001  017762697
=003  Uk
=005  20230416123641.0
=006  m\\\\\\\\d\\\\\\\\
=007  cr\|||||||||||
=008  160307c\\\\9999\\\\\\p\s\\\\\0\\\a0eng\\
=FMT  \\$a  SE
=022  \\$a1178-1661
=037  \\$a???$bSpringer
=040  \\$aUk$beng$cUk$erda
=245  00$aThe patient :$bpatient-centred outcomes research.
=264  \1$aAuckland, New Zealand :$bAdis/Springer$c2016-
=336  \\$atext$2rdacontent
=337  \\$acomputer$2rdamedia
=338  \\$aonline resource$2rdacarrier
=538  \\$aMode of access: World Wide Web.
=540  \\$aCurrent copyright fee: GBP34.95$c21\0$5Uk
=856  \\$31850-9999$uhttp://link.springer.com/$xBLDSS
=859  \\$aXLD$bejournal
=859  \\$aELD$bejournal
=852  \\$aBritish Library$bDSC$j6412.860700$3Volume 4:Issue 2(2011)-Volume 11:Issue 2(2018)***See ESTAR for full holdings.
=852  41$aBritish Library$bHMNTS$jELD Digital store$3Volume 11:Issue 1(2018)-
=945  \\$aPatient -Adis-
=959  \\$fHeld but not currently received
=979  \\$aBritish Library$bDSC$j6412.860700
=CAT  \\$a12654$b40$c20160307$lBLL01$h1049
=CAT  \\$aBLDSS-3PM$b00$c20160317$lBLL01$h1142
=CAT  \\$aBATCH-UPD$b00$c20160524$lBLL01$h2216
=CAT  \\$aBATCH-UPD$b00$c20160525$lBLL01$h0100
=CAT  \\$a5552$b40$c20160826$lBLL01$h0851
=CAT  \\$aIPL-CLA$c20160930$lBLL01$h1645
=CAT  \\$aBATCH-UPD$b00$c20170216$lBLL01$h1833
=CAT  \\$aIPL-CLA$c20170331$lBLL01$h1925
=CAT  \\$aBATCH-UPD$b00$c20170904$lBLL01$h1841
=CAT  \\$aIPL-CLA$c20170929$lBLL01$h1810
=CAT  \\$aBATCH-UPD$b00$c20180223$lBLL01$h1659
=CAT  \\$aIPL-CLA$c20180331$lBLL01$h1715
=CAT  \\$aW1805-0475$c20180520$lBLL01$h1632
=CAT  \\$aBATCH-UPD$b00$c20180524$lBLL01$h1705
=CAT  \\$aIPL-CLA$c20180630$lBLL01$h1944
=CAT  \\$aW1908-0780$b00$c20200730$lBLL01$h1333
=CAT  \\$a5552$b40$c20200819$lBLL01$h0819
=CAT  \\$a15005$b40$c20210302$lBLL01$h1533
=CAT  \\$a15005$b40$c20210302$lBLL01$h1534
=CAT  \\$aCDS21$c20220118$lBLL01$h1106
=CAT  \\$aBATCH-UPD$b00$c20221121$lBLL01$h1352
=CAT  \\$aIPL-CLA$c20221231$lBLL01$h1454
=CAT  \\$a5410$b40$c20230416$lBLL01$h1236
=CFI  0\$aCurrent copyright fee: GBP34.95$c21\0$e01-jan-2023$fGBP34.95$g0$hP$5Uk
=CFI  2\$aPrevious copyright fee: GBP43.00$c21\0$e01-jul-2018$fGBP43.00$g0$hP$5Uk
=EST  \\$a1
=FFP  \\$aY$bBLDSS-3PM
=MNI  \\$a1178-1653
=TOC  \\$aETOC
=UNO  \\$aY
=ACF  \\$aPrevious copyright fee: GBP32.23$c21\0$e07-mar-2016$fGBP32.23$g0$hP$5Uk
=ACF  \\$aPrevious copyright fee: GBP37.00$c21\0$e01-oct-2016$fGBP37.00$g0$hP$5Uk
=ACF  \\$aPrevious copyright fee: GBP39.96$c21\0$e01-apr-2017$fGBP39.96$g0$hP$5Uk
=ACF  \\$aPrevious copyright fee: GBP38.42$c21\0$e01-oct-2017$fGBP38.42$g0$hP$5Uk
=ACF  \\$aPrevious copyright fee: GBP35.68$c21\0$e01-apr-2018$fGBP35.68$g0$hP$5Uk
=LAS  \\$a5410$b40$c20230416$lBLL01$h1236

